<?xml version="1.0" encoding="UTF-8"?><record xmlns="http://www.loc.gov/MARC21/slim" xmlns:cinclude="http://apache.org/cocoon/include/1.0" xmlns:zs="http://www.loc.gov/zing/srw/">
  <leader>00469cz  a2200133n  4500</leader>
  <controlfield tag="001">n  85386796 </controlfield>
  <controlfield tag="003">DLC</controlfield>
  <controlfield tag="005">19910201084207.7</controlfield>
  <controlfield tag="008">861002n| acannaab|          |n aaa |||  </controlfield>
  <datafield tag="010" ind1=" " ind2=" ">
    <subfield code="a">n  85386796 </subfield>
  </datafield>
  <datafield tag="040" ind1=" " ind2=" ">
    <subfield code="a">DLC</subfield>
    <subfield code="c">DLC</subfield>
    <subfield code="d">DLC</subfield>
  </datafield>
  <datafield tag="100" ind1="1" ind2="0">
    <subfield code="a">Willerman, Marvin</subfield>
  </datafield>
  <datafield tag="670" ind1=" " ind2=" ">
    <subfield code="a">Zuelke, D.C. Conflict and decision making in elementary schools, c1987:</subfield>
    <subfield code="b">CIP t.p. (Marvin Willerman)</subfield>
  </datafield>
  <datafield tag="670" ind1=" " ind2=" ">
    <subfield code="a">His Teachers helping teachers, 1991:</subfield>
    <subfield code="b">CIP t.p. (Marvin E. Willerman, Northeastern Ill. Univ.)</subfield>
  </datafield>
</record>